<record><leader>00000cas a2200000 a 4500</leader><controlfield tag="001">17341896</controlfield><controlfield tag="008">880113d18uu1uuuwauwr ne      0    0eng d</controlfield><datafield ind1=" " ind2=" " tag="010"><subfield code="a">sn 88085174 </subfield></datafield><datafield ind1=" " ind2=" " tag="040"><subfield code="a">SLZ</subfield><subfield code="b">eng</subfield><subfield code="c">SLZ</subfield><subfield code="d">OCL</subfield><subfield code="d">OCLCQ</subfield><subfield code="d">OCLCF</subfield><subfield code="d">OCLCO</subfield></datafield><datafield ind1=" " ind2=" " tag="042"><subfield code="a">msc</subfield></datafield><datafield ind1=" " ind2=" " tag="043"><subfield code="a">n-us-wa</subfield></datafield><datafield ind1="0" ind2="4" tag="245"><subfield code="a">The Tacoma weekly union.</subfield></datafield><datafield ind1=" " ind2=" " tag="260"><subfield code="a">Tacoma, Wash. :</subfield><subfield code="b">Tacoma Weekly Union</subfield></datafield><datafield ind1=" " ind2=" " tag="300"><subfield code="a">v.</subfield></datafield><datafield ind1=" " ind2=" " tag="310"><subfield code="a">Weekly</subfield></datafield><datafield ind1=" " ind2=" " tag="588"><subfield code="a">Description based on: Vol. 2, no. 23 (Apr. 30, 1896).</subfield></datafield><datafield ind1=" " ind2="0" tag="651"><subfield code="a">Tacoma (Wash.)</subfield><subfield code="v">Newspapers.</subfield></datafield><datafield ind1=" " ind2="7" tag="655"><subfield code="a">Newspapers.</subfield><subfield code="2">fast</subfield><subfield code="0">(OCoLC)fst01423814</subfield></datafield><datafield ind1=" " ind2="7" tag="651"><subfield code="a">Washington (State)</subfield><subfield code="z">Tacoma.</subfield><subfield code="2">fast</subfield><subfield code="0">(OCoLC)fst01205636</subfield></datafield><datafield ind1=" " ind2=" " tag="752"><subfield code="a">United States</subfield><subfield code="b">Washington</subfield><subfield code="c">Pierce</subfield><subfield code="d">Tacoma.</subfield></datafield><datafield ind1="0" ind2="5" tag="780"><subfield code="t">Tacoma morning union</subfield><subfield code="w">(DLC)sn 88085175</subfield></datafield></record>